@manual{QtCross,
  author = "\mbox{Команда перекладачів сайту www.doc.crossplatform.ru}",
  title = "Руководство по Qt Creator",
  url = "--- Режим доступу: \url{http://www.doc.crossplatform.ru/qtcreator/2.0.1/}, вільний
  станом на 01.05.2011"
}

@book{RedBook,
  title = "OpenGL$\circledR$ Programming Guide: The Official Guide to Learning OpenGL$\circledR$",
  publisher = "Addison-Wesley Professional; 6 edition (August 9, 2007)",
  pages = "928"
}

@book{CppShildt,
  title = "C++: базовый курс (третье издание)",
  author = "\mbox{Герберт Шилдт}",
  publisher = "М.: Изд. дом <<Вильямс>>",
  pages = "620"
}

@book{OpenGLVasilev,
  title = "OpenGL. Компьютерная графика: учебное пособие",
  author = "\mbox{Васильев С. А.}",
  publisher = "Тамбов: Изд-во Тамб. гос. техн. ун-та",
  pages = "80",
  year = "2005"
}

@book{QtChebotarev,
  title = "Библиотека Qt 4. Создание прикладных приложений в среде Linux. Проффесиональная работа",
  author = "\mbox{Чеботарев А. В.}",
  publisher = "М.: Изд. дом <<Вильямс>>",
  pages = "256",
  year = "2006"
}

@book{Ammeral,
  title = "Принципы программирования в машинной графике. Пер. с англ.",
  author = "\mbox{Л. Аммерал}",
  publisher = "М.: <<Сол Систем>>",
  pages = "224",
  year = "1992"
}


@article{XMLWiki,
  title = "XML — Вікіпедія",
  journal = "Вікіпедія -- вільна енциклопедія",
  url = "--- Режим доступу: \url{http://uk.wikipedia.org/wiki/XML}, вільний
  станом на 01.05.2011"
}

@article{AnamorphozWiki,
  title = "XML — Анаморфоз",
  journal = "Вікіпедія -- вільна енциклопедія",
  url = "--- Режим доступу: \url{http://uk.wikipedia.org/wiki/Анаморфоз}, вільний
  станом на 01.05.2011"
}

@article{GITWiki,
  title = "Git — Вікіпедія",
  journal = "Вікіпедія -- вільна енциклопедія",
  url = "--- Режим доступу: \url{http://uk.wikipedia.org/wiki/Git}, вільний
  станом на 01.05.2011"
}

@article{WhyQt,
  title = "\mbox{Чому Qt Framework?}",
  author = "\mbox{Володимир Стойко}",
  journal = "IT-Блогер",
  url = "--- Режим доступу: \url{http://itblogger.org.ua/qtframework/chomu-qt-framework}, вільний
  станом на 01.05.2011"
}

@article{MyAnamorf1,
  title = "Розробка алгоритму побудови анаморфічного зображення за допомогою циліндричної дзеркальної поверхні",
  author = "\mbox{Герасимчук Н. О.}",
  journal = "Теоретичні і прикладні проблеми фізики, математики та інформатики: матеріали VIII Всеукраїнської науково-практичної конференції студентів, аспірантів та молодих вчених, м. Київ, НТУУ “КПІ”, 23 квітня 2010 р.",
}

@article{MyAnamorf2,
  title = "Розробка алгоритму побудови анаморфічних зображень (дво- та тривимірний випадки)",
  author = "\mbox{Герасимчук Н. О.}",
  journal = "Комп'ютерно-інтегровані технології у виробництві та освіті: матеріали міжнародної науково-практичної конференції, м. Луцьк, ЛНТУ, 8-9 квітня 2010 р.",
}

@article{QtKorvin,
  title = "\mbox{Готуємось до Qt Essentials: 1.1. Кросплатформенність}",
  author = "\mbox{Фролов В.} and \mbox{Фролов А.}",
  journal = "<<Блог Корвіна>>",
  url = "--- Режим доступу: \url{http://korvinprogs.wordpress.com/2011/02/07/готуємось-до-qt-essentials-кросплатформенність/}, вільний станом на 01.05.2011"
}

@article{RayTriangle,
  title = "Пересечение луча и треугольника",
  author = "\mbox{Фролов В.} and \mbox{Фролов А.}",
  journal = "Сайт Ray-tracing.ru",
  url = "--- Режим доступу: \url{http://www.ray-tracing.ru/articles213.html}, вільний станом на 01.05.2011"
}

@article{ObjFormat,
  title = "Alias/WaveFront Object (.obj) File Format",
  author = "\mbox{CLEMSON School of COMPUTING authors}",
  journal = "Alias/Wavefront OBJ File Format",
  url = "--- Режим доступу: \url{http://www.cs.clemson.edu/~dhouse/courses/405/docs/brief-obj-file-format.html}, вільний станом на 01.05.2011"
}

@article{LineFacet,
  title = "Determining whether a line segment intersects a 3 vertex facet",
  author = "\mbox{Paul Bourke}",
  journal = "Paul Bourke - Personal Pages",
  url = "--- Режим доступу: \url{http://paulbourke.net/geometry/linefacet/}, вільний станом на 01.05.2011"
}
